@article{alphafold,
    author  = "Andrew W. Senior and Richard Evans and John Jumper and James Kirkpatrick and Laurent Sifre and Tim Green and Chongli Qin and Augustin Žídek 1 and Alexander W. R. Nelson and Alex Bridgland and Hugo Penedones and Stig Petersen and Karen Simonyan and Steve Crossan and Pushmeet Kohli and David T. Jones and David Silver and Koray Kavukcuoglu and Demis Hassabis",
    title   = "Improved protein structure prediction using potentials from deep learning",
    year    = "2020",
    journal = "Nature",
    volume  = "577",
    pages   = "706--710",
    doi     = "https://doi.org/10.1038/s41586-019-1923-7"
}

@article{potts1,
    author  = "Thomas A Hopf and John B Ingraham and Frank J Poelwijk and Charlotta P I Schärfe and Michael Springer and Chris Sander and Debora S Marks",
    title   = "Mutation effects predicted from sequence co-variation",
    year    = "2017",
    journal = "Nature Biotechnology",
    volume  = "35",
    number  = "2",
    pages   = "128--135",
    doi     = "https://doi.org/10.1038/nbt.3769"
}

@article{potts2,
    author  = "Magnus Ekeberg and Cecilia Lövkvist and Yueheng Lan and Martin Weigt and Erik Aurell",
    title   = "Improved contact prediction in proteins: Using pseudolikelihoods to infer Potts models",
    year    = "2013",
    journal = "APS Physics",
    volume  = "87",
    issue  = "1",
    doi     = "10.1103/PhysRevE.87.012707"
}

@article{protein_misfolding_diseases,
    author  = "Chaudhuri T.K. and Paul S",
    title   = "Protein-misfolding diseases and chaperone-based therapeutic approaches",
    year    = "2006",
    journal = "The FEBS Journal",
    volume  = "273",
    pages  = "1331--1349",
    doi     = "10.1111/j.1742-4658.2006.05181.x"
}

@article{anfinsen,
    author  = "Christian B. Anfinsen",
    title   = "Principles that Govern the Folding of Protein Chains",
    year    = "1973",
    journal = "Science",
    volume  = "181",
    issue   = "4096",
    pages  = "223--230",
    doi     = "10.1126/science.181.4096.223"
}

@article{pdb,
    author  = "Helen M. Berman and John Westbrook and Zukang Feng and Gary Gilliland and T. N. Bhat and Helge Weissig and Ilya N. Shindyalov and Philip E. Bourne",
    title   = "The Protein Data Bank",
    year    = "2000",
    journal = "Nucleic Acid Research",
    volume  = "28",
    issue   = "1",
    pages  = "235--242",
    doi     = "https://doi.org/10.1093/nar/28.1.235"
}

@misc{cath,
  author = {CATH},
  title = {CATH / Gene3D v4.2},
  year = 2020,
  url = {http://www.cathdb.info}
}

@article{dssp1,
    author  = "Wouter G Touw and Coos Baakman and Jon Black and Tim AH te Beek and E Krieger and Robbie P Joosten and Gert Vriend",
    title   = "A series of PDB related databases for everyday needs",
    year    = "2015",
    journal = "Nucleic Acid Research",
    issue   = "43 (Database Issue)",
    pages   = "D364-D368",
    doi     = "10.1093/nar/gku1028"
}

@article{dssp2,
    author  = "Kabsch W and Sander C",
    title   = "Dictionary of protein secondary structure: pattern recognition of hydrogen-bonded and geometrical features",
    year    = "1983",
    journal = "Biopolymers",
    issue   = "22",
    pages   = "2577--2637",
    doi     = "10.1002/bip.360221211"
}

@misc{vonmises,
  author = {Statistics How To},
  title = {Von Mises Distribution: Simple Definition \& Examples},
  year = 2019,
  url = {https://www.statisticshowto.com/von-mises-distribution/}
}

@misc{ramachandran,
  author = {Eric Martz},
  title = {The Ramachandran Principle Phi and Psi Angles in Proteins},
  year = 2018,
  url = {http://bioinformatics.org/molvis/phipsi/?fbclid=IwAR0totE-6gN6V9QgQSOWWbHSZYqBMXoWkjyk2lpRhuZbUyBHoF0eRddOfDc}
}